% Articles and Papers
@article{winui3_overview,
    title = {WinUI 3: The Future of Windows Desktop Application Development},
    author = {Microsoft Corporation},
    year = {2023},
    journal = {Microsoft Developer Blog}
}

@article{motion_input_accessibility,
    title = {MotionInput: Making Computer Games Accessible Through Alternative Input Methods},
    author = {Mohamedally, Dean and Atia, Rafiq},
    journal = {UCL Computer Science Technical Reports},
    year = {2023}
}

% Books
@book{mvvm_patterns,
    title = {Enterprise Application Patterns using WinUI},
    author = {Microsoft Developer Division},
    year = {2023},
    publisher = {Microsoft Press}
}

@book{ai_accessibility,
    title = {Artificial Intelligence in Accessibility: Principles and Practice},
    author = {Smith, John and Johnson, Sarah},
    year = {2023},
    publisher = {Springer}
}

% Conference Papers
@inproceedings{onnx_performance,
    title = {ONNX Runtime: Performance Optimization for Machine Learning Models},
    author = {Microsoft AI Research Team},
    booktitle = {Proceedings of the International Conference on Machine Learning},
    year = {2023}
}

@inproceedings{stable_diffusion_apps,
    title = {Stable Diffusion in Real-World Applications},
    author = {Brown, Michael and Davis, Emily},
    booktitle = {Proceedings of the Computer Vision and Pattern Recognition Conference},
    year = {2023}
}

% Technical Documentation
@misc{windows_accessibility,
    title = {Windows Accessibility Guidelines},
    author = {Microsoft Accessibility Team},
    year = {2023},
    howpublished = {\url{https://docs.microsoft.com/accessibility}}
}

@misc{wcag_guidelines,
    title = {Web Content Accessibility Guidelines (WCAG) 2.1},
    author = {W3C},
    year = {2023},
    howpublished = {\url{https://www.w3.org/TR/WCAG21/}}
}

% Design Patterns
@book{clean_architecture,
    title = {Clean Architecture: A Craftsman's Guide to Software Structure and Design},
    author = {Martin, Robert C.},
    year = {2017},
    publisher = {Prentice Hall}
}

@book{design_patterns,
    title = {Design Patterns: Elements of Reusable Object-Oriented Software},
    author = {Gamma, Erich and Helm, Richard and Johnson, Ralph and Vlissides, John},
    year = {1994},
    publisher = {Addison-Wesley}
}
